3016 4988
272 363 355 410 XVIII

317 530 508 595 Litterarum
531 528 628 593 ferme
650 527 824 591 minuscula
852 529 898 590 est
928 527 1042 603 forma,
1079 525 1140 589 nisi
1168 528 1249 607 quod
1280 527 1396 608 singuli

273 650 383 697 uersus
399 631 564 712 asingulis
579 628 758 693 uncialibus
779 627 895 693 litteris
916 627 1044 692 initium
1067 627 1203 710 capiunt,
1227 630 1298 692 ante
1319 647 1395 710 quas

274 735 422 817 puuctum
451 750 547 814 supra
575 732 693 795 lineam
724 732 797 812 poni
829 729 906 794 solet
939 729 978 793 ad
1010 747 1118 794 uersus
1146 729 1392 812 distinguendos,

274 837 327 918 qui
349 840 506 917 praeterea
529 852 590 898 uuo
611 838 719 896 tenore
742 832 850 913 scripti
872 837 954 896 sunt.
976 832 1057 895 Raro
1072 831 1219 897 librarius
1241 852 1295 912 per
1308 834 1391 897 totos

273 956 382 1003 uersus
398 937 517 1002 unciali
532 937 686 1018 scriptura
704 937 861 1019 utebatur,
884 936 972 999 uelut
995 955 1024 998 u.
1050 935 1242 1000 138-140.
1270 937 1396 1000 Praeter

274 1043 407 1125 primam
428 1040 548 1104 hhrarii
569 1044 702 1103 manum
724 1039 824 1103 altera
846 1056 967 1121 quoque
988 1040 1137 1115 occurrit,
1171 1056 1251 1119 quae
1273 1041 1338 1104 siue
1360 1056 1395 1102 eu

275 1146 341 1225 ipso
364 1142 480 1208 codicis
500 1141 538 1211 Μ
561 1141 726 1224 archetypo
750 1141 817 1204 siue
845 1159 880 1204 ex
909 1140 970 1205 alio
999 1141 1171 1222 antiquiore
1192 1141 1282 1220 libro,
1317 1158 1395 1223 quae

275 1249 329 1310 aut
351 1262 512 1328 perperam
533 1245 649 1326 scripta
670 1246 725 1307 eut
739 1245 853 1307 omissa
867 1242 1001 1319 fuerunt,
1025 1243 1190 1324 diligenter
1205 1244 1393 1325 corrigebat.

276 1435 332 1504 De
354 1431 583 1502 editionibus
610 1431 786 1501 carminis
809 1430 1037 1517 apologetici
1059 1432 1098 1501 et
1121 1432 1395 1502 commentatio·

653 1534 765 1604 nibus
788 1533 1024 1620 quibusdam.

319 1671 454 1749 Primus,
477 1672 514 1734 ut
536 1671 600 1734 iam
623 1670 768 1747 diximus,
790 1671 822 1736 J.
839 1671 875 1735 Β.
892 1671 1002 1736 Pitra
1025 1688 1148 1735 carmen
1170 1671 1397 1754 apologeticum

279 1792 314 1838 ex
342 1773 460 1857 codice,
493 1790 584 1855 quem
614 1772 778 1838 Thomas
804 1772 1019 1855 Phillipps,
1052 1771 1257 1838 bibliothecae
1279 1772 1399 1838 Medio·

278 1878 441 1941 montanae
463 1874 611 1956 conditor,
633 1875 682 1939 illi
704 1875 978 1958 peruestigandum
993 1876 1173 1954 tradiderat,
1196 1877 1228 1939 in
1243 1875 1397 1957 spicilegii

279 1978 478 2045 belesmensis
507 1978 667 2041 uolumine
690 1978 707 2041 Ι
734 1978 923 2044 61661852
951 1978 1057 2042 edidit.
1103 1977 1218 2041 Textus
1252 1978 1397 2042 carminis

279 2082 344 2147 illic
366 2100 385 2146 a
405 2083 521 2166 pagina
544 2079 587 2144 20
616 2099 712 2164 usque
738 2082 780 2145 ad
802 2100 832 2162 p.
856 2082 898 2145 49
926 2081 1071 2163 pertinet.
1117 2080 1338 2145 Praemittitur
1364 2081 1398 2143 in

279 2185 501 2267 prolegomenis
523 2203 552 2266 p.
576 2183 796 2248 XVI—XXV
820 2183 1041 2247 commentatio
1064 2181 1200 2247 editoris.
1233 2182 1397 2247 Praeterea

280 2304 378 2352 nouae
389 2285 525 2350 eiusdem
536 2303 627 2349 curae
642 2288 834 2349 accesserunt
849 2285 883 2350 in
894 2285 1001 2349 eodem
1014 2284 1174 2348 uolumine
1186 2302 1216 2365 p.
1229 2283 1398 2349 537-543

280 2390 313 2455 et
332 2392 364 2453 in
386 2389 543 2453 uolumine
565 2388 611 2452 IV
626 2406 705 2454 anno
724 2389 808 2454 1858
830 2389 911 2454 edito
930 2408 959 2470 p.
977 2387 1162 2466 aaa-224,
1185 2387 1240 2451 ubi
1263 2392 1400 2452 extrema

281 2510 352 2575 pars
375 2490 519 2555 carminis
536 2509 571 2553 ex
585 2489 753 2555 recentiore
769 2490 906 2555 Thomas
921 2490 1076 2573 Phillipps
1098 2489 1263 2554 collatione
1285 2491 1398 2555 iterum

281 2594 506 2658 recensebatur.
559 2648 561 2652 ,

325 2698 413 2762 Anno
441 2697 510 2777 post
539 2696 673 2778 primum
703 2695 857 2778 spicilegii
883 2695 1085 2761 Sclesmensis
1107 2697 1254 2760 uolumen
1282 2695 1400 2759 editum

281 2800 311 2867 J.
334 2801 369 2864 L.
393 2801 415 2866 J
423 2800 538 2864 acobi
560 2797 852 2863 commentationem
877 2798 1019 2880 scripsit,
1042 2817 1102 2880 qua
1125 2797 1298 2879 quaeritur,
1322 2815 1399 2877 quae

205 2890 207 2894 “
281 2903 375 2968 ruens
396 2901 610 2967 commodiani
631 2901 669 2964 oe
691 2901 832 2966 morsare
860 2901 964 2984 opinio
977 2897 1030 2983 96).

324 3006 406 3072 Satis
428 3005 521 3087 longo
543 3003 704 3069 interiecto
728 3006 874 3088 temporis
901 3004 1000 3086 spatio
1016 3021 1096 3067 noua
1110 3001 1163 3066 lux
1177 3000 1395 3090 Commodiano

282 3107 417 3187 adfulsit,
442 3105 708 3170 cumann01870
730 3124 774 3185 ea,
798 3124 880 3187 quae
904 3104 1076 3170 Adolfus
1099 3103 1223 3167 Ebert
1250 3103 1283 3165 in
1305 3101 1401 3166 Saxo-

284 3213 351 3277 nica
372 3212 549 3276 litterarum
572 3210 718 3273 societate
740 3209 888 3291 inprimis
911 3210 948 3273 de
970 3207 1103 3281 ratione,
1132 3205 1263 3287 origine,
1296 3205 1399 3269 aetate

284 3313 429 3380 carminis
444 3311 532 3375 docte
547 3314 578 3374 et
592 3311 749 3394 ingeniose
765 3311 993 3393 disputaverat,
1016 3308 1098 3391 typis
1120 3306 1339 3371 mandarentur
1346 3305 1399 3386 ²⁷).

283 3418 361 3481 Inde
389 3416 556 3497 coeperunt
584 3415 615 3479 et
641 3415 794 3498 philologi
818 3418 849 3479 et
870 3413 1008 3495 theologi
1031 3411 1250 3476 Commodiano
1272 3409 1326 3474 diu
1348 3428 1404 3473 ne-

285 3520 384 3605 glecte
409 3515 551 3581 certatim
574 3535 697 3600 operam
721 3535 844 3583 nauare.
1416 3593 1418 3598 Ι

328 3619 431 3686 Adolfi
452 3618 547 3682 llbert
570 3620 704 3702 uestigia
726 3619 838 3701 pressit
860 3616 1024 3682 Carolus
1046 3615 1271 3693 heimbach,
1296 3615 1349 3697 qui
1372 3617 1404 3679 in

285 3722 512 3807 programmate
545 3722 685 3804 paschali
718 3722 840 3786 scholae
877 3719 979 3786 ciuilis
1011 3718 1180 3800 superioris
1210 3718 1406 3783 Schmalcal-

287 3826 388 3891 densis
409 3842 488 3890 anno
511 3824 591 3890 1871
616 3825 715 3902 edite,
741 3841 819 3905 quae
842 3824 880 3888 ad
902 3821 935 3886 id
956 3822 1092 3886 locorum
1114 3820 1152 3885 de
1175 3822 1309 3886 carmine
1332 3837 1404 3903 apo-

330 4011 359 4079 ²⁸)
380 4010 583 4065 Commodianus
600 4008 655 4062 und
673 4008 715 4062 die
733 4007 920 4062 althirchliche
939 4008 1154 4063 Trinitttslehre.
1183 4005 1316 4061 Dentsche
1334 4005 1405 4060 Zeit-

288 4097 384 4152 schrilt
400 4098 421 4149 f.
439 4095 540 4149 christl.
560 4095 719 4150 Wissensoh.
737 4111 762 4148 u.
781 4094 885 4150 christl.
904 4094 999 4149 heheu.
1023 4094 1089 4149 1853
1107 4111 1133 4163 p.
1151 4092 1304 4148 203-209.

332 4183 362 4251 ²⁷)
381 4182 515 4235 Abhandl.
533 4181 580 4234 der
598 4179 796 4248 philol-histor.
816 4181 906 4235 Classe
930 4182 976 4236 der
994 4182 1094 4250 hbuigl.
1113 4181 1196 4234 stehs.
1216 4176 1358 4233 Gesellsch.
1377 4177 1404 4229 1.

289 4269 447 4325 Wiesensoh.
465 4269 489 4324 V
509 4265 593 4337 (1870)
612 4285 637 4336 p.
656 4267 811 4323 eeu-420.
