3016 4988
294 334 339 402 nn

284 542 381 588 nouas
403 525 434 588 et
456 525 594 606 egregias
617 523 738 589 notauit
760 522 917 597 lectiones,
941 539 993 585 eae
1017 519 1132 585 nemini
1155 536 1215 583 non
1237 518 1408 599 potnerunt

285 627 463 709 cupidinem
485 627 600 692 inicere
623 629 725 691 cetera
749 643 867 708 quoque
889 623 1100 708 cognoscendi.

329 729 439 811 ltaque
461 746 540 793 anno
562 730 735 811 insequenti
756 729 826 793 Pio
848 725 1010 808 Knoell,
1036 745 1106 790 oum
1123 725 1157 789 in
1171 725 1320 808 Angliem
1336 743 1406 807 pro-

285 832 488 914 ficisceretur,
516 834 698 896 mandatnm
721 835 782 911 est,
811 831 846 895 ut
868 829 1049 894 inchoatum
1073 847 1091 893 a
1113 828 1309 910 Sedlmayero
1331 846 1408 908 opus

174 970 176 975 ·
285 935 472 1009 absolueret,
496 936 548 1017 qui
564 954 630 999 rem
645 936 736 999 tanta
751 939 782 999 et
797 932 964 1016 diligentia
979 934 1010 997 et
1026 952 1131 997 rerum
1147 933 1260 1016 peritia
1274 931 1403 1013 peregit,

285 1040 333 1112 ut,
356 1037 471 1119 siquid
496 1037 528 1101 in
551 1037 656 1101 nostra
679 1038 814 1101 editione
837 1037 927 1101 lande
950 1036 1079 1118 dignum
1102 1035 1266 1111 uidebitur,
1289 1053 1405 1115 magna

286 1159 321 1204 ex
343 1140 430 1222 parte
453 1139 501 1204 illi
524 1144 684 1221 acceptum
707 1140 887 1204 referamus.
1067 1149 1070 1153 ’
1427 1151 1430 1158 ·

285 1346 406 1409 tionum
418 1341 470 1424 99).
495 1344 560 1408 Has
575 1349 683 1426 postea
699 1345 892 1409 Henricus
908 1343 1054 1421 Beckh,
1078 1344 1197 1408 amicus
1212 1363 1308 1420 meus,
1332 1344 1408 1408 dnm

286 1446 462 1510 studiorum
486 1464 577 1511 causa
599 1450 630 1510 in
652 1448 767 1530 Anglie
789 1449 942 1524 uersatur,
966 1452 1077 1530 rogatu
1098 1465 1167 1511 meo
1190 1466 1225 1511 ex
1248 1447 1351 1510 codice
1377 1444 1407 1516 C

285 1549 418 1630 benigne
441 1550 612 1633 descripsit.

322 1737 377 1806 De
399 1736 617 1807 nouissimis
641 1737 1016 1808 commentationibus
1039 1737 1088 1807 ad
1111 1736 1365 1808 Commodiani

613 1841 778 1911 earmina
800 1841 1091 1927 pertinentibus.

330 1973 428 2041 Nouis
457 1974 645 2042 lectionibus
673 1978 935 2066 Mediomontanis
964 1981 1082 2060 primus
1111 1995 1183 2043 usus
1206 1977 1253 2041 est
1274 1977 1406 2042 Fride·

290 2079 395 2143 ricus
411 2078 603 2158 Hanssen,
628 2079 727 2162 quiin
743 2082 1002 2145 commentatione
1018 2081 1152 2162 egregia,
1175 2099 1269 2162 quam
1285 2083 1320 2144 de
1337 2085 1405 2144 arte

290 2183 418 2245 metrica
430 2181 645 2246 Commodiani
661 2183 759 2246 edidit
771 2184 983 2266 (Argentorati
998 2183 1079 2265 apud
1093 2181 1236 2246 Carolnm
1248 2183 1278 2247 J.
1292 2182 1406 2245 Trueb

289 2303 353 2349 ner.
384 2282 677 2364 MDCCCLXXXI),
706 2285 871 2366 postquam
893 2285 1064 2351 collationis
1088 2304 1185 2350 nouae
1208 2285 1236 2348 ei
1259 2302 1294 2347 en
1316 2285 1404 2366 parte

288 2386 375 2466 copia
397 2385 482 2448 facta
504 2389 561 2464 est,
584 2387 756 2466 permultos
778 2385 860 2450 locos
883 2389 1017 2452 sanauit.
1064 2387 1147 2451 Idem
1169 2387 1227 2450 illa
1249 2404 1405 2450 commen-

288 2490 407 2552 tatione
430 2488 596 2552 ostendens
619 2487 832 2553 Commodiani
853 2509 978 2568 uersus,
1013 2493 1065 2572 qui
1092 2496 1123 2555 et
1150 2490 1220 2554 aliis
1243 2489 1353 2554 multis
1375 2491 1407 2553 et

288 2590 448 2671 mihiipsi
471 2609 563 2672 prope
586 2591 672 2655 nullo
702 2595 784 2656 certo
814 2592 920 2657 ordine
948 2592 1042 2658 fluere
1071 2592 1268 2667 uidebantur,
1302 2596 1405 2656 tamen

287 2693 410 2776 legibus
432 2693 620 2774 quibusdam
648 2697 746 2758 teneri
776 2697 886 2761 ceteris
908 2714 1028 2778 quoque
1055 2696 1248 2778 probabilem
1276 2696 1405 2760 rationis

288 2797 433 2861 metricae
448 2813 588 2860 normam
607 2798 777 2880 proposuit,
800 2799 840 2862 ad
863 2818 956 2880 quam
978 2799 1159 2863 recensendi
1182 2815 1306 2879 operam
1329 2795 1402 2860 diri-

289 2902 407 2983 gerent.

330 3001 514 3083 Nuperrime
526 3002 563 3066 de
576 3001 796 3068 Commodiano
808 3002 1033 3070 Guilelmus
1045 3005 1176 3087 Meyer
1191 3003 1268 3066 bene
1280 3002 1410 3065 meritus

290 3107 344 3167 est.
390 3102 422 3166 Is
444 3105 476 3166 in
499 3103 767 3181 commentatione,
798 3123 874 3187 quae
896 3106 1075 3169 inscribitur
1098 3103 1238 3186 ‘Antang
1259 3105 1323 3167 und
1345 3102 1407 3166 Ur·

289 3222 407 3285 sprung
431 3204 484 3267 der
514 3204 719 3269 lateiniscben
749 3207 812 3270 und
839 3207 1051 3289 griechischen
1073 3206 1287 3290 rythmisoben
1310 3202 1407 3267 Dich-

253 3325 255 3329 ’
289 3304 381 3388 tnng'
395 3303 448 3386 ³⁰),
472 3308 536 3387 ipse
558 3326 678 3390 quoque
695 3310 732 3372 de
748 3328 895 3372 uersuum
919 3308 1132 3374 Commodiani
1154 3312 1310 3372 structura
1332 3305 1405 3387 egit,

289 3409 435 3472 carminis
469 3411 653 3493 apologetici
687 3412 883 3493 potissimum
917 3412 1037 3476 ratione
1067 3411 1184 3490 habita,
1220 3408 1294 3492 quia
1326 3408 1406 3472 illud

290 3510 393 3574 minus
408 3529 501 3591 quam
523 3513 742 3577 instructiones
765 3514 885 3579 mendis
909 3513 1104 3578 deformatur.

333 3613 403 3677 Illic
426 3633 496 3677 cum
519 3616 580 3678 alia
602 3617 703 3680 multa
731 3618 820 3681 acute
848 3617 1035 3698 disputarit,
1069 3619 1137 3680 tum
1160 3618 1259 3698 legem
1283 3615 1410 3697 abipso

217 3723 219 3728 ⁴
289 3716 388 3796 primo
422 3721 613 3800 perspectam
643 3721 789 3801 protulit,
823 3739 917 3801 quam
941 3725 1063 3785 secutos
1086 3718 1322 3785 Commodianus
1344 3720 1409 3782 toto

289 3818 354 3881 fere
387 3822 522 3883 carmine
555 3821 639 3885 binis
668 3822 807 3886 uersibus
839 3823 978 3905 singulas
1003 3823 1173 3887 sententias
1196 3820 1409 3888 concludebat.

289 3918 357 3982 Hoc
380 3918 524 3986 Columbi
550 3923 705 4004 quoddam
729 3942 823 3988 ouum
845 3929 924 4000 erat3
959 3945 1031 3990 nam
1059 3930 1139 4008 quod
1167 3946 1246 3990 nnus
1277 3924 1410 4000 inuenit,

289 4022 332 4095 id,
355 4025 518 4102 postquam
541 4024 703 4088 inuentum
726 4027 786 4102 est,
819 4029 886 4091 tam
909 4027 999 4092 facile
1022 4028 1185 4094 intellectu
1207 4028 1345 4105 uidetur,
1375 4027 1411 4088 ut

334 4173 364 4239 ²⁹)
384 4174 425 4228 Cf.
444 4174 570 4227 editionis
590 4178 695 4228 nostrae
712 4194 737 4246 p.
756 4178 772 4230 3
790 4193 837 4245 sq,
856 4179 889 4233 56
907 4195 945 4248 sq.

334 4258 364 4325 ⁸⁰)
383 4258 517 4312 Abhandl.
536 4259 560 4311 d.
580 4261 605 4311 l.
624 4259 711 4328 bayer.
730 4263 815 4315 eleo.
834 4264 859 4316 d.
879 4263 957 4318 Wiss.
976 4265 1063 4320 XVII.
1082 4265 1166 4334 (1885)
1186 4280 1211 4331 p.
1229 4262 1385 4316 288-307.
