3016 4988
1157 366 1255 413 XVIIII

136 526 271 609 logatico
293 529 452 611 disputata
474 529 577 608 orout,
611 532 643 595 et
672 530 838 614 diligenter
865 535 1019 614 congessit
1048 536 1080 599 et
1102 536 1257 599 recensuit

135 629 306 710 prudenter
328 634 360 695 ot
383 631 446 695 suis
470 633 569 699 doctis
593 632 903 699 commentationibus
926 635 1020 698 auxit.

180 732 297 797 Deinde
319 752 432 798 nouam
455 735 602 799 carminis
626 734 794 799 editionem
820 737 1063 802 Hermannus
1085 738 1256 804 Roonsch

135 833 301 916 adgressus
333 839 379 900 est
413 835 446 898 in
475 833 666 902 ‘Zeitsohrift
699 837 748 901 fir
783 837 832 902 dis
865 836 1048 902 historische
1075 838 1252 923 Theologie’

135 953 210 1000 ann.
227 936 310 1002 1872
331 956 361 1018 p.
381 939 441 1004 163
457 957 522 1021 sqq.
556 940 710 1005 Editionis
726 939 955 1004 Roensohianae
971 944 1036 1005 tres
1051 943 1127 1005 sunt
1140 945 1251 1024 partes,

136 1056 270 1121 quarum
293 1042 353 1104 una
374 1041 524 1124 praefatio
540 1043 725 1123 continetur,
749 1042 851 1107 altera
865 1062 944 1107 noua
959 1044 1106 1108 carminis
1121 1048 1254 1110 recensio

134 1158 207 1204 cum
231 1144 449 1208 commentario
473 1145 590 1223 critico,
615 1145 707 1209 tertia
729 1147 977 1220 commentarius,
1007 1163 1065 1229 quo
1097 1151 1127 1211 ct
1155 1165 1204 1211 res
1225 1151 1256 1210 et

134 1247 230 1309 uerba
242 1247 383 1310 accurate
395 1246 596 1329 explicantur.
626 1246 662 1310 In
674 1247 732 1312 hac
744 1249 837 1311 tertia
848 1247 988 1329 inprimis
1003 1252 1091 1329 parte
1103 1251 1183 1313 mira
1196 1248 1256 1313 uiri

134 1347 293 1412 doctrinae
315 1350 439 1413 ubertas
463 1347 577 1422 enitet,
601 1367 672 1414 cum
695 1348 740 1413 ibi
763 1367 814 1413 cae
838 1350 971 1432 agantur
992 1370 1056 1431 res,
1091 1351 1123 1413 in
1146 1351 1256 1433 quibus

133 1449 190 1513 ille
212 1451 276 1515 iam
300 1451 352 1514 diu
375 1453 493 1532 regnat,
517 1451 656 1534 uulgaris
680 1452 747 1516 dico
769 1451 936 1518 latinitatis
958 1454 1112 1519 rationem
1129 1456 1160 1517 et
1173 1453 1255 1518 anti·

132 1554 272 1635 quitates
288 1552 482 1618 Christianus
497 1561 528 1618 et
551 1554 720 1619 bibliorum
743 1554 910 1619 latinorum
933 1556 1081 1621 lectiones
1103 1557 1255 1621 uetustas.

183 1673 273 1736 Anno
309 1675 389 1739 1877
422 1674 516 1739 tertia
550 1674 697 1738 carminis
724 1674 916 1756 ,apologetici
951 1676 1047 1740 editio
1082 1678 1256 1741 Ernesto

134 1776 292 1858 Ludwig
320 1778 447 1841 curante
474 1778 504 1840 in
532 1775 718 1842 bibliotheca
739 1777 952 1841 Teubneriaua
975 1779 1099 1860 prodiit.
1147 1780 1255 1860 Neque

132 1877 189 1941 ille
213 1897 249 1942 ea
270 1897 303 1941 re
325 1881 430 1942 actum
453 1879 532 1962 egit3
555 1897 625 1943 nam
650 1897 720 1943 cum
741 1880 807 1959 ipse
828 1896 946 1961 quoque
963 1881 1124 1962 uulgarem
1141 1882 1252 1945 Roma·

133 1997 245 2045 norum
272 2000 443 2046 sermonem
471 1983 592 2064 penitus
615 1980 774 2065 cognitum
798 1981 927 2046 haberet
949 1985 981 2046 ct
1003 1982 1056 2047 uia
1077 2001 1113 2047 ac
1136 1983 1254 2048 ratione
1283 2054 1284 2058 Ἰ

133 2084 385 2167 progrederetur,
419 2084 497 2149 satis
529 2101 670 2165 prospero
694 2083 722 2146 oi
745 2102 793 2147 res
821 2086 929 2159 cessit,
965 2085 1065 2166 quoad
1094 2087 1159 2149 sius
1188 2085 1254 2149 sine

133 2204 215 2255 uoua
237 2186 348 2251 codicis
371 2185 612 2252 Mediomontani
635 2185 800 2250 collatione
823 2186 891 2250 fieri
913 2188 1026 2266 potuit.

191 2391 247 2463 De
268 2409 368 2471 noua
390 2389 591 2459 collatione
615 2388 782 2460 codicum
805 2388 1199 2460 Mediomontanonum.

181 2529 263 2608 Quas
285 2531 375 2591 modo
397 2527 638 2591 memorauimus
661 2527 809 2589 carminis
837 2526 1020 2608 apologetici
1050 2527 1201 2590 editiones
1224 2529 1257 2590 et

133 2632 422 2704 commentationes,
457 2647 509 2692 eae
531 2645 636 2692 omues
660 2629 727 2691 sola
749 2628 854 2691 Pitrae
877 2628 1043 2693 collatione
1066 2627 1255 2706 nitebantur,

133 2751 322 2816 quamquam
344 2733 395 2796 hic
416 2733 481 2812 ipse
503 2731 659 2795 fatebatur
677 2727 833 2811 ‘raptim
856 2749 888 2794 so
910 2730 1053 2812 ignotum
1069 2729 1201 2795 carmen'
1219 2751 1255 2795 er

131 2835 234 2901 codice
264 2834 460 2916 descripsisse
474 2831 527 2916 ἐ).
563 2833 672 2914 Itaque
703 2832 780 2896 uiris
810 2833 1026 2914 amplissimis,
1062 2833 1114 2913 qui
1137 2835 1256 2915 corpori

130 2940 319 3020 scriptorum
342 2938 618 3002 ecelesiasticorum
641 2937 808 3000 latinorum
831 2935 917 2997 iussu
933 2936 964 2997 et
979 2936 1154 3016 sumptibus
1172 2938 1254 2999 Aca-

131 3042 253 3105 demiae
274 3039 438 3104 Caesareae
462 3039 705 3102 Vindobononsis
729 3036 845 3100 edendo
868 3040 1025 3119 praesunt,
1049 3055 1158 3117 operae
1181 3055 1277 3118 pra·¹

133 3143 214 3206 tium
237 3160 303 3206 esse
325 3141 430 3205 uisum
453 3141 516 3219 ost,
551 3158 663 3203 nouam
689 3139 805 3203 codIcis
827 3138 1070 3203 Mediomontani
1091 3140 1255 3203 instituere

134 3243 342 3308 collationem.

176 3363 217 3426 itt
238 3361 338 3443 primo
361 3360 554 3426 Henricus
577 3361 795 3442 Stephanus
819 3360 1043 3442 Sedlmayer
1066 3362 1254 3438 66161819,

132 3466 209 3528 dum
231 3466 361 3529 aliorum
384 3464 579 3546 negotiorum
602 3482 694 3528 causa
712 3462 926 3528 Cheltcnhami
949 3466 1101 3539 uersatur,
1125 3463 1253 3528 illorum

131 3568 270 3630 uirorum
291 3568 413 3632 monitu
436 3585 496 3630 non
520 3567 620 3629 solum
649 3565 786 3630 codicem
812 3565 909 3644 1825,
944 3584 1003 3647 quo
1033 3566 1251 3629 instructiones

132 3669 346 3747 continentur,
380 3670 434 3734 sed
468 3669 564 3733 etiam
598 3670 731 3733 codicem
758 3668 878 3745 12261,
912 3668 993 3732 unde
1014 3669 1101 3732 Pitra
1130 3687 1253 3732 carmen

131 3771 360 3857 apologeticum
391 3773 505 3850 edidit,
539 3772 674 3854 inspexit
697 3776 727 3836 61
751 3773 911 3854 utriusque
933 3770 1108 3834 conferendi
1133 3771 1255 3852 pericu-

130 3875 200 3938 lum
233 3875 313 3940 fecit.
361 3875 541 3939 Extremam
575 3879 678 3938 autem
713 3872 859 3938 carminis
893 3872 1075 3954 apologetici
1108 3873 1253 3954 pagiuam

130 3981 232 4040 totam
255 3979 394 4041 accurate
418 3977 556 4060 depinxit
579 3977 610 4040 et
632 3976 768 4058 uestigia
789 3976 970 4056 scripturae,
994 3992 1072 4054 quae
1089 3993 1203 4057 magna
1218 3994 1254 4039 ex

130 4080 221 4160 parte
237 4081 412 4155 cuanuerat,
437 4079 575 4143 studiose
592 4079 762 4160 indagauit.
799 4077 882 4158 Quas
904 4077 958 4139 illc
975 4096 1010 4140 cx
1025 4081 1157 4158 utroque
1172 4076 1254 4141 libro

175 4264 204 4330 τ’)
225 4265 317 4333 spus.
336 4264 442 4318 soram.
461 4263 499 4316 ro
516 4281 541 4332 p,
560 4264 617 4316 aaa.
728 4227 732 4234 ’

1120 4367 1151 4418 b*
