3016 4988
1237 379 1296 426 nr·

168 568 198 613 se
221 551 348 632 quisque
375 551 459 614 idem
488 549 628 614 inuenire
657 550 795 632 potuisse
824 548 996 614 crediderit.
1034 548 1287 632 1110101100-

167 652 241 717 xilio
263 653 374 717 multis
397 653 543 718 carminis
574 652 648 716 locis
675 654 841 717 uerborum
870 650 1028 716 distinctio
1058 651 1169 715 melius
1197 669 1293 732 quam

167 759 258 820 antea
280 754 405 820 institui
428 757 539 837 potuit.

210 856 353 923 Ceterum
377 877 437 923 uno
460 860 535 938 loeo,
558 880 587 925 u.
604 859 668 926 565
686 855 774 942 (561)
792 876 870 939 sqq,
894 858 960 937 ipse
984 857 1161 924 Guilelmus
1184 859 1295 940 Meyer

168 959 425 1026 Commodianum
448 962 550 1045 legem
572 963 661 1026 illam
684 962 854 1043 neglexisse
877 958 1032 1035 concedit;
1056 960 1110 1024 sed
1125 959 1195 1023 aliis
1212 978 1288 1041 quo-

168 1082 227 1145 que
259 1065 334 1128 10010
367 1064 449 1128 idem
481 1065 604 1130 uidetur
635 1064 789 1139 euenisse,
825 1063 910 1126 uelut
933 1083 962 1127 u.
986 1063 1025 1127 15
1048 1080 1114 1144 sqq.
1139 1063 1200 1126 143
1222 1054 1298 1146 sqqu

167 1166 228 1232 341
246 1186 311 1249 sqq.
337 1167 397 1231 621
415 1187 480 1250 sqq.
505 1167 565 1232 657
583 1186 648 1249 sqq.
672 1167 735 1232 913
750 1185 815 1248 sqq.
839 1165 903 1230 930
920 1184 984 1247 sqq.

210 1270 297 1335 Idem
326 1271 375 1334 uir
406 1270 622 1346 doctissimus,
656 1274 820 1351 postquam
849 1269 997 1333 lectiones
1023 1269 1289 1335 Mediomontanas

169 1391 240 1437 cum
262 1389 295 1436 eo
319 1372 563 1449 communicaui,
587 1373 778 1436 cumulatam
801 1370 878 1434 mihi
902 1371 1025 1434 rettulit
1047 1373 1196 1453 gratiam,
1220 1391 1291 1437 cum

167 1479 289 1557 praeter
307 1494 366 1553 eas,
384 1494 459 1557 quas
477 1477 508 1539 in
524 1476 781 1540 commentatione
796 1474 852 1538 illa
867 1473 1036 1556 proposuit,
1060 1475 1290 1540 emendationes

168 1577 245 1642 alias
269 1597 389 1660 quoque
412 1597 472 1643 non
494 1598 607 1660 paneas
630 1597 684 1659 per
707 1578 831 1641 litteras
856 1575 934 1640 mihi
958 1578 1179 1659 suppeditauit.

627 1750 828 1759 .-—..--

210 1886 315 1949 Pauea
338 1883 375 1947 de
398 1888 504 1948 nostra
525 1884 741 1965 qualicumque
763 1901 856 1965 opera
883 1884 1023 1948 addenda
1047 1888 1128 1952 sunt.
1165 1886 1292 1951 Inuitue‘

169 2007 234 2052 rem
257 1986 476 2051 difficillimam
499 1987 662 2068 adgressus
685 2005 770 2064 sum,
799 1987 983 2050 cunctanter
1007 1990 1113 2052 cedens
1137 1987 1292 2067 benignae

169 2090 338 2153 amicorum
360 2089 579 2164 adhortationi,
602 2089 655 2168 qui
678 2088 759 2152 iusto
782 2088 893 2152 melius
917 2089 953 2153 de
975 2089 1095 2154 uiribus
1113 2091 1190 2154 meis
1206 2091 1288 2155 iudi-

170 2193 290 2256 cabant.
325 2192 362 2255 In
379 2192 443 2272 ipso
460 2195 565 2255 autem
580 2209 669 2274 opere
684 2192 857 2256 identidem
880 2193 1047 2274 inopinatis
1070 2192 1287 2275 interpellatus

169 2293 400 2377 impedimentis
423 2313 502 2367 eum,
526 2298 556 2358 et
580 2313 648 2358 eum
673 2295 797 2358 tandem
820 2297 903 2377 typis
926 2295 1057 2360 exscribi
1080 2295 1205 2360 libellus
1228 2296 1291 2361 iam

170 2401 297 2476 coeptus
328 2398 422 2474 esset,
457 2414 535 2460 nouo
566 2402 658 2478 atque
688 2398 840 2463 laborioso
871 2403 994 2480 repente
1018 2419 1144 2464 munere
1165 2400 1292 2483 publico

169 2499 247 2562 mihi
269 2499 407 2563 iniuncto
430 2500 561 2580 negotiis
584 2502 713 2563 insuetis
736 2501 809 2563 adeo
833 2501 1011 2581 distinebar,
1035 2502 1123 2566 utin
1148 2502 1289 2566 Commo-

170 2602 297 2665 dianum
320 2619 382 2663 non
406 2602 527 2664 tantum
551 2604 700 2683 quantum
723 2604 900 2684 requirebat
923 2623 1010 2669 curae
1034 2605 1200 2686 inpendere
1221 2624 1291 2688 pos·

170 2724 234 2768 sem
251 2709 283 2767 et
298 2705 453 2784 postremo
470 2705 593 2768 differre
610 2707 778 2769 editionem
794 2725 924 2790 cogerer.
940 2706 1031 2772 Nunc
1047 2726 1118 2771 uero
1134 2709 1290 2772 mensibus

170 2808 288 2890 aliquot
317 2809 487 2874 interiectis
517 2811 582 2889 ipse
613 2810 648 2872 10
679 2809 836 2873 nonnullis
864 2810 925 2873 alie
948 2809 1040 2889 atque
1063 2811 1154 2874 01100
1177 2810 1295 2874 sentire

170 2912 256 2992 coepi
278 2914 309 2975 et
330 2913 529 2976 retractanda
550 2914 700 2992 quaedam
724 2930 841 2975 censeo.

213 3015 282 3091 16,
306 3015 336 3080 4.
361 3014 489 3096 Scripsi:
523 3013 650 3078 Versorr‘
672 3018 833 3079 maturam
859 3015 932 3100 <10>
957 3014 1102 3094 defectio
1124 3035 1185 3078 corr
1200 3017 1287 3098 cupit
1418 3083 1420 3087 ,

170 3137 294 3182 cecum.
344 3119 535 3199 Praepositio
566 3119 602 3180 r'rr
632 3137 835 3199 quamquam*
854 3123 925 3200 post
953 3122 1126 3184 mutorum
1157 3123 1188 3185 et
1218 3127 1291 3186 ante

170 3219 326 3299 confectio
349 3220 499 3284 facillime
521 3221 624 3300 potuit
647 3224 802 3298 excidere,
832 3225 953 3299 tamen,
985 3223 1131 3304 quoniam
1158 3225 1289 3290 ablatiui

171 3323 236 3386 sine
259 3325 494 3404 praepositione.
508 3344 581 3388 usus
604 3327 684 3405 apud
709 3325 963 3389 Commodianum
986 3327 1048 3391 late
1072 3328 1160 3407 patet
1172 3325 1224 3409 ³1),
1253 3340 1300 3392 ne*

173 3424 229 3488 hoc
252 3427 375 3507 quidem
398 3427 464 3491 loeo
487 3428 547 3492 luit
569 3428 800 3508 interponenda.

213 3528 302 3608 126,
331 3531 378 3593 17.
409 3529 589 3595 claudicare
620 3531 807 3596 sententiam
837 3532 900 3595 iam
923 3533 976 3597 diu
1000 3533 1215 3598 intellexeram
1238 3523 1299 3614 (01·

172 3631 456 3714 Sitnungsberichte
480 3631 563 3698 ovu
586 3655 614 3715 p.
640 3633 726 3711 756);
762 3653 845 3698 nuuc
874 3636 1012 3716 paenitet
1042 3656 1091 3699 me
1122 3654 1288 3700 1011000-

173 3735 268 3815 pisse,
292 3737 371 3816 quod
395 3737 468 3800 olim
491 3737 523 3800 11
546 3741 681 3800 11011011
703 3741 840 3813 uenerat,
864 3737 954 3801 uodo
975 3757 1030 3819 pro
1052 3738 1129 3803 aiio.
1169 3737 1297 3821 eonpa-

173 3839 259 3901 ratnr
289 3839 370 3901 enim
400 3839 519 3903 1100110
548 3840 630 3903 uitae
657 3840 811 3905 humanae
836 3840 973 3904 condicio
996 3859 1065 3904 cum
1089 3844 1289 3922 nauigatione

174 3941 381 4022 periculorum
409 3942 508 4021 plena.
553 3945 598 4006 De
622 3944 775 4008 adiectiuo
796 3944 900 4007 uitreo
924 3963 993 4008 cum
1016 3945 1105 4008 cado
1128 3947 1291 4011 coniuncto

174 4044 212 4108 ci.
235 4043 328 4126 Verg.
352 4046 431 4108 Aen.
455 4043 514 4107 VII
538 4045 609 4112 759.

220 4248 249 4313 ³¹)
267 4248 306 4303 Cf.
326 4246 406 4299 indic.
423 4246 563 4300 uerborum
582 4252 609 4302 et
626 4250 800 4304 locutionum.
