3016 4988
527 377 668 436 Carmen
686 380 946 449 apologeticum.

238 565 285 630 De
311 569 427 631 uirtute
450 585 507 632 sus
529 566 717 652 minaciter
740 564 847 651 ns)sci
873 568 923 654 <se
947 569 1040 653 tecit)

239 713 257 753 55
411 715 428 754 55
583 714 600 752 ’k
753 713 771 753 55
925 716 942 754 ’k
1095 718 1112 756 ’5

240 816 257 853 ,
414 816 431 854 ,,
586 774 661 837 licei
683 773 784 837 lacere
808 772 960 837 fimbriam
984 794 1088 840 anem.

172 877 310 945 5551555
333 892 403 939 cero
425 874 508 940 Deus
531 882 607 951 crat,
630 875 662 939 in
688 893 748 957 qua
769 874 827 939 Dei
851 876 953 940 uirtus
976 878 1099 960 agebat.

173 997 226 1047 ess
243 977 333 1059 Quid,
356 977 437 1057 quod
460 978 629 1061 prophetae
653 979 778 1059 canunt,
810 979 999 1042 inuisibilom
1024 998 1090 1044 esse
1113 981 1296 1064 uidendum,

239 1081 282 1145 Vt
304 1080 431 1145 5155555
454 1084 544 1145 iente
566 1080 654 1145 ficret
677 1080 768 1146 homo
792 1099 912 1163 quoque
935 1099 990 1162 pro
1014 1082 1112 1148 nobis.

275 1352 324 1407 28⁵
344 1350 415 1404 Esai.
433 1351 475 1414 25,
494 1350 525 1414 9,
542 1349 586 1416 40,
605 1350 637 1418 9,·
655 1349 696 1414 52,
717 1350 763 1416 10,
781 1351 822 1416 53,
843 1352 856 1405 1
876 1367 932 1420 sqq.
940 1352 973 1417 (5)
1060 1351 1111 1407 285
1129 1352 1199 1408 15555.
1216 1353 1260 1421 40,
1277 1356 1297 1408 5

171 1437 263 1508 (Cypr.
283 1453 308 1505 p.
325 1436 368 1504 69,
386 1435 403 1489 4
421 1433 482 1500 Η),
501 1435 535 1488 cf.
555 1434 613 1491 Ioh.
634 1436 657 1499 1,
677 1435 709 1489 14

172 1677 231 1732 loco
248 1678 305 1731 iam
328 1677 424 1730 monui
446 1675 489 1738 (S.
513 1678 569 1730 107
587 1691 617 1745 p.
636 1678 718 1744 794),
739 1676 777 1729 ad
796 1676 903 1744 prioris
926 1682 1016 1730 autem
1035 1678 1129 1745 partis
1152 1680 1296 1750 55595555

173 1766 272 1834 aliqua
290 1781 325 1818 ea
339 1768 422 1834 parte
439 1762 636 1816 illustrandam
653 1762 730 1816 haud
747 1762 857 1816 inutilis
875 1762 941 1816 milei
954 1761 1066 1816 uidetur
1079 1764 1152 1818 locus
1166 1765 1293 1821 Tertulli-

171 1865 261 1904 ancus
278 1850 323 1916 (de
337 1865 462 1918 praescr.
482 1851 585 1904 haeret.
605 1867 627 1904 c.
646 1855 705 1914 13):
723 1854 857 1918 postremo
878 1849 998 1902 delatum
1018 1850 1142 1908 (uerbum
1155 1874 1189 1898 =
1206 1853 1297 1919 filium

172 1937 239 2003 Dei)
260 1953 295 1991 ex
313 1939 413 2006 spiritu
432 1938 517 2005 patris
535 1937 597 1991 Dei
616 1938 643 1989 55
663 1936 798 1990 uirtute
823 1936 851 1988 in
877 1935 1010 2002 uirginem
1035 1935 1149 1991 Mariam
1172 1939 1294 2010 (115559.

172 2024 239 2077 Lac.
258 2029 282 2089 1,
301 2026 356 2090 35),
385 2039 516 2076 caruem
541 2023 671 2076 fectum
697 2023 725 2074 in
750 2028 825 2075 utero
850 2022 908 2075 eius
930 2023 957 2073 55
980 2037 1011 2074 ex
1029 2037 1059 2074 55
1077 2025 1191 2076 netum
1210 2027 1294 2079 exisse

171 2109 262 2163 Iesum
280 2109 426 2164 Christum.
446 2110 545 2163 Primo
563 2111 658 2179 icitur,
677 2109 733 2162 555
743 2109 835 2175 fadar,
858 2108 1066 2163 Commodianus
1083 2106 1117 2161 de
1134 2109 1241 2166 Oleristo
1259 2129 1295 2167 ea·

170 2197 277 2250 uirtute
294 2196 349 2250 Dei
366 2202 433 2250 nato
450 2198 496 2250 uel
510 2198 611 2264 potius,
636 2203 668 2250 ut
691 2201 750 2249 erat
773 2196 820 2249 ille
843 2195 1076 2262 Monarchianns,
1100 2193 1134 2248 dc
1155 2196 1216 2252 Deo
1238 2215 1294 2253 sua

164 2281 260 2349 ipsius
277 2283 381 2335 melate
398 2284 431 2336 in
452 2282 561 2337 Christo
578 2284 657 2335 nasci
674 2297 703 2336 se
720 2281 840 2348 faciente
859 2282 921 2350 5955,
945 2280 1045 2334 deinde
1062 2295 1097 2334 ea
1113 2283 1257 2338 miraculis
1275 2303 1295 2339 a

169 2367 281 2421 Christo
300 2367 381 2422 editis
398 2384 484 2421 anum
502 2368 595 2421 attulit
614 2367 729 2433 (Macm.
746 2371 787 2431 14,
807 2371 865 2434 36),
882 2373 922 2432 ut,
940 2372 1078 2435 9555555
1099 2367 1131 2420 in
1148 2368 1196 2423 illo
1213 2371 1295 2425 nalu-

170 2454 235 2507 isset
247 2455 339 2507 uirtus
349 2453 459 2520 diuina,
470 2455 591 2522 exemplo
602 2455 836 2522 comprobaretur.
851 2455 962 2508 Peioris
970 2455 1122 2508 sententiae
1133 2457 1294 2526 nouissima,

167 2541 329 2607 posterioris
345 2541 438 2606 prima
452 2556 521 2608 pars
533 2557 594 2594 cum
602 2540 718 2607 periisse
731 2540 869 2604 uideatur,
888 2541 1000 2593 maioris
1013 2540 1131 2594 lacrimae
1142 2543 1295 2610 interposui

167 2627 260 2694 55955.
300 2626 427 2680 Celerum
442 2627 565 2693 primum
583 2641 694 2678 uersum
712 2631 857 2693 utcumque
864 2631 992 2693 poteram
1010 2628 1149 2693 composui
1155 2647 1161 2693 3
1179 2630 1295 2698 reliquis

166 2729 283 2767 manum
301 2712 451 2766 admouere
472 2727 530 2766 uon
547 2728 636 2765 ausus
653 2728 721 2766 sum.
740 2740 773 2749 -
791 2711 831 2764 De
849 2712 986 2765 locatione
1005 2712 1147 2766 carnaliter
1164 2716 1238 2769 nacci
1256 2717 1294 2782 cf.

167 2815 198 2852 u.
216 2801 271 2852 403
290 2797 448 2852 Praedictus
466 2800 508 2852 555
525 2799 599 2852 Deus
617 2798 811 2851 carnaliter
835 2799 944 2863 55555,
971 2796 1004 2850 de
1022 2796 1108 2850 155555
1126 2815 1153 2850 ss
1170 2815 1233 2854 cum
1248 2802 1295 2856 in-

170 2883 284 2949 finitiuo
302 2883 337 2949 ct.
351 2901 379 2937 u.
392 2887 453 2938 122.
472 2914 506 2926 -
518 2884 644 2939 11555555
658 2883 800 2947 (Berliner
816 2881 1033 2948 Wocliensclsrift
1047 2881 1073 2935 V
1083 2883 1175 2949 (1885)
1183 2900 1214 2952 p·
1225 2889 1293 2954 401)

170 2971 209 3024 ita
233 2971 321 3024 locum
345 2969 519 3024 scribendum
543 2977 648 3025 censet:
674 2970 714 3022 Dc
737 2971 840 3022 uirtute
865 2984 970 3021 curasse
992 2983 1040 3020 555
1064 2968 1132 3035 legis
1155 2969 1291 3026 fimbriam

169 3072 258 3119 unam,
287 3071 400 3123 eamque
427 3056 583 3122 opinionem
607 3053 706 3107 litteris
730 3052 767 3106 ad
789 3068 831 3106 mc
853 3051 928 3104 datis
949 3053 992 3104 lta
1008 3050 1164 3105 rationibus
1180 3052 1293 3118 firmat:

166 3141 214 3196 ’15
237 3143 312 3197 diese
334 3142 459 3209 weuioen
490 3140 584 3195 Worte
609 3142 654 3207 ist,
680 3140 732 3193 soie
756 3139 801 3195 iclt
823 3138 930 3208 915555,
958 3137 1003 3191 die
1024 3152 1110 3207 95555
1126 3137 1293 3211 1155555559

169 3229 239 3284 Luc.
257 3233 284 3293 8,
304 3231 367 3282 43-
376 3231 412 3282 48
425 3225 802 3295 5555555555595555595,
819 3224 869 3294 591.
881 3224 1051 3279 5555555555
1063 3223 1181 3279 dascllrst
1197 3225 1227 3280 V.
1240 3230 1291 3283 44:

168 3316 264 3384 tetigit
287 3312 470 3377 fimbriam,
498 3313 633 3366 455551
657 3312 825 3365 uirtutem
848 3310 881 3363 de
905 3326 947 3363 me
966 3310 1070 3375 exiisse,
1096 3314 1147 3365 47:
1164 3313 1293 3380 quemad-

169 3401 278 3454 modum
291 3399 432 3453 confestim
453 3414 533 3453 5555
541 3402 574 3451 55
587 3393 638 3453 sit’
664 3397 739 3467 Quae
752 3397 955 3466 aryumcntatio
967 3397 1025 3450 uiri
1037 3396 1186 3451 doctissimi
1196 3415 1292 3466 quam-

166 3503 250 3555 quam
276 3486 354 3542 leand
380 3486 555 3540 mediocriter
581 3501 623 3539 mc
649 3490 747 3551 monet,
774 3483 905 3537 dubitaui
930 3488 1023 3536 tamen
1049 3498 1119 3551 quae
1144 3487 1292 3552 proposuit

167 3575 298 3642 recipere,
313 3572 479 3640 praesertim
497 3587 558 3625 cum
576 3586 690 3624 uersus:
708 3569 750 3623 De
771 3572 873 3623 uirtute
893 3584 998 3621 curasse
1015 3585 1062 3622 555
1075 3569 1143 3637 legis
1155 3569 1292 3625 fimbriam

167 3676 249 3714 unum
280 3658 398 3728 55955555
433 3657 511 3725 apud
544 3656 767 3712 Commodianum
803 3671 919 3709 caesura
953 3655 1155 3722 semiquinaria
1184 3662 1293 3724 careat3

166 3747 204 3813 cf.
223 3746 361 3808 Hammon,
379 3742 422 3797 de
445 3750 507 3797 arte
529 3744 641 3797 metrica
660 3743 794 3798 Gornmod.
813 3742 833 3813 §
851 3746 869 3797 2
885 3757 913 3808 p.
932 3744 950 3795 7
954 3761 964 3809 ;
993 3741 1077 3795 erlu
1096 3740 1201 3810 Meyer,
1219 3743 1293 3798 Ass.

164 3848 195 3900 9.
213 3835 272 3886 289
326 3829 392 3884 -284
412 3830 484 3883 Deus
503 3834 561 3882 eret
579 3829 616 3884 Ρι
634 3830 682 3896 (cf.
700 3847 729 3885 u.
747 3832 827 3897 342),
845 3829 1018 3893 5555555111,
1042 3826 1180 3881 deseretur
1199 3822 1290 3894 (5555-

168 3919 245 3971 mehr
263 3917 330 3971 wird
348 3916 397 3970 dac
415 3916 522 3970 Flsisch
540 3915 708 3970 erschlossen
731 3949 768 3981 .-.,
793 3915 819 3970 d.
842 3917 868 3966 h.
893 3915 939 3968 der
956 3912 1021 3967 Leib
1044 3912 1090 3966 der
1108 3911 1192 3967 Maris
1212 3914 1291 3970 5555-

168 4003 289 4057 55555555
311 3997 359 4071 ..’)
378 4003 425 4057 555
443 4002 489 4055 sed
507 4007 567 4054 eret
585 4002 641 4065 55,
660 4001 758 4055 uerbus
776 4004 835 4055 erat
854 4001 984 4069 (inquo)
1007 3998 1053 4052 uel
1073 3997 1188 4054 desierat
1205 4001 1291 4068 (idem

167 4089 217 4154 1³³)
236 4086 736 4155 ueldesucrat(=desucuerat)1l;
755 4087 925 4140 descenderet
943 4085 990 4141 Ld
1076 4100 1125 4151 age
1144 4083 1192 4139 555
1211 4088 1290 4154 (sict)

166 4180 211 4233 M
283 4176 335 4231 284
352 4192 408 4244 599.
426 4175 533 4244 agebel,
552 4174 634 4241 (Quis
656 4212 681 4226 ..
698 4173 873 4239 uidenduml)
892 4172 957 4226 Via
1024 4169 1293 4226 2855155155555555

165 4265 208 4329 15,
229 4262 346 4316 charites
365 4264 474 4330 (ceritas
493 4261 549 4328 Ld)
569 4265 647 4314 tante
665 4261 702 4313 1³²
710 4259 815 4324 P³Ld3
836 4259 962 4313 electiles
981 4260 1059 4312 tanto
1077 4258 1160 4312 ΜΡι
