3016 4988
162 365 226 439 120
606 363 841 420 Commodiani

227 555 374 636 Quaerite
396 555 460 622 iam
482 558 617 638 portum,
642 554 697 620 ubi
720 560 795 620 suut
818 555 960 637 pericula
981 556 1077 621 nulla.

176 675 209 724 ec
225 659 375 744 Agricola
397 660 506 724 doctus
529 660 718 742 tempestiua
739 659 830 742 longo
853 658 989 725 dinoscit

225 763 276 840 Et,
299 762 481 845 priusquam
504 763 643 848 ueniant,
665 763 823 844 recolligit
842 781 875 828 se
898 761 954 828 sub
979 761 1079 828 antra.

226 865 337 937 Estote
359 866 534 948 prudentes,
557 866 639 948 quod
661 865 808 932 imminet
829 865 903 930 aute
923 864 1029 930 uidete

225 967 276 1048 Et,
299 969 482 1051 priusquam
504 970 634 1032 ueniant
655 967 769 1052 clades,
792 967 952 1050 prouidete
974 967 1078 1033 saluti.

225 1070 360 1153 Ignauia
381 1071 486 1154 pueris
508 1088 584 1153 opus
607 1073 667 1149 est,
691 1087 752 1135 uon
776 1071 861 1135 certe
882 1069 1038 1137 robustis:

180 1188 213 1237 uo
228 1170 272 1258 si·
285 1172 372 1239 decet
395 1173 453 1238 hoc
473 1173 615 1253 rudibus,
639 1192 701 1239 nou
724 1176 870 1239 conuenit
891 1192 971 1240 aeuo
990 1171 1131 1238 maturis.

226 1273 313 1354 Quae
337 1276 466 1358 quidem
487 1294 560 1360 pars
581 1275 743 1341 hominum
765 1294 827 1342 nou
849 1277 893 1341 sit
914 1278 1084 1352 moderata,
1107 1273 1233 1339 uetusta

228 1375 282 1442 Sic
305 1378 367 1443 erit
389 1379 426 1444 ut
447 1396 544 1461 perna
566 1379 696 1444 minime
719 1380 866 1457 sallaota:
889 1381 1057 1462 putrescat.

227 1480 329 1546 Nemo
351 1484 473 1562 petram
495 1482 619 1560 subicit,
643 1484 705 1548 nisi
726 1483 809 1548 solus
822 1482 914 1565 ,ignis
936 1484 976 1546 al
998 1499 1117 1548 escam:

228 1581 319 1648 Saxei
341 1583 386 1649 sic
408 1584 549 1650 homines
570 1585 757 1650 mollescunt
779 1602 849 1650 soro
872 1584 1021 1666 gehenna.

180 1683 408 1752 acclamamus
430 1687 463 1751 iu
485 1705 620 1753 uacuum
644 1690 746 1754 surdis
768 1688 931 1754 referenda
952 1685 1097 1772 procellis

229 1788 270 1853 Et
292 1789 400 1854 lumen
422 1789 579 1856 offerimus
602 1793 702 1858 caecis
725 1791 792 1858 siue
814 1809 908 1864 causa
930 1789 1122 1878 praebentes.

232 1889 302 1956 Stat
326 1891 417 1958 miles
438 1894 479 1959 ad
501 1894 647 1961 missam:
672 1914 752 1961 unus
775 1895 873 1971 audit,
896 1898 928 1958 et
951 1892 1070 1958 excutit
1092 1892 1173 1956 alter

269 2215 302 2268 73
321 2215 419 2271 Matth.
438 2216 463 2282 7,
481 2217 517 2270 9¹?
587 2218 621 2270 74
639 2218 732 2273 Erech.
751 2219 791 2280 11,
813 2214 864 2269 19?

219 2521 376 2591 erquerico
393 2526 437 2577 M
501 2524 574 2592 sunt]
593 2511 617 2577 ft
634 2527 679 2579 M
759 2524 792 2578 bt
811 2530 875 2579 arcte
893 2524 985 2578 doctus
1003 2523 1077 2576 doce
1094 2519 1203 2573 litterae
1221 2518 1292 2585 (int)

169 2621 264 2660 mosae
287 2651 290 2657 .
351 2608 525 2676 tempestates
543 2606 572 2662 lt
656 2606 690 2662 tc
709 2606 1042 2676 aemmorrousae
1059 2604 1118 2650 LE
1133 2604 1190 2650 Ἀ
1210 2604 1245 2672 cf.
1264 2619 1293 2657 a.

169 2694 220 2759 52,·
238 2696 305 2758 1933
321 2695 394 2762 42³,-
413 2696 481 2757 567;
495 2698 567 2764 8903
584 2695 671 2750 Irata.
689 2696 750 2762 18,
768 2701 810 2761 3);
828 2710 884 2748 sese
902 2694 962 2748 P³o
1049 2698 1126 2748 antra
1145 2685 1196 2753 M:
1213 2692 1293 2745 antro

173 2778 259 2832 Wua
276 2781 366 2850 Meyer
384 2781 429 2848 (of.
448 2781 534 2837 Iastr·
554 2781 575 2835 Ι
589 2786 633 2847 33,
652 2786 692 2849 7);
710 2785 817 2836 autrum
835 2781 873 2835 Ρί
890 2785 920 2846 (s.
938 2796 966 2834 a.
985 2780 1014 2844 7.)
1030 2796 1048 2833 υ
1139 2779 1174 2834 78
1191 2773 1293 2842 clades]

166 2870 231 2932 post
249 2881 265 2918 a
281 2883 343 2921 rouo
361 2868 452 2922 littero
470 2868 527 2934 (ut)
546 2884 628 2923 cosa
717 2869 753 2923 oo
769 2869 894 2936 Ignauia]
913 2867 1020 2935 Ignosoi
1037 2865 1081 2920 Lb
1166 2863 1243 2934 paeri
1265 2897 1291 2914 ..

169 2950 275 3005 robusti
293 2953 335 3023 R;
352 2953 389 3021 of.
407 2955 508 3008 Icaaer
526 2955 733 3009 Literotaraea't.
752 2957 823 3008 1377
836 2969 867 3022 p.
885 2955 941 3006 796
958 2957 1028 3005 extr.
1109 2951 1143 3005 7⁰
1161 2949 1238 3004 decet
1255 2949 1300 3003 M

171 3038 245 3104 (post
261 3041 275 3093 t
292 3054 394 3094 roam
410 3042 496 3096 emtas
514 3041 623 3094 litterar
647 3065 681 3080 -
700 3040 729 3094 l?
746 3043 791 3107 -)
815 3039 853 3093 Ρι
880 3037 927 3103 (of.
951 3037 1083 3092 Roeaaclr.
1108 3036 1145 3090 It.
1168 3041 1194 3090 ct
1215 3034 1296 3104 Vatp.

168 3139 199 3191 p.
219 3127 275 3178 439
290 3127 356 3194 η),
374 3125 471 3180 liceto
540 3140 588 3179 ouo
605 3130 649 3181 M
729 3127 761 3179 71
782 3126 855 3192 Quae
874 3123 973 3190 (Quum
991 3123 1088 3185 Mo)
1108 3120 1215 3190 quidem
1231 3135 1296 3188 pars

172 3208 314 3263 hominum
332 3227 385 3265 uon
403 3212 442 3265 sit
458 3212 605 3278 moderata,
625 3214 735 3267 uetusta
751 3209 907 3274 P¹Lde;
926 3208 985 3275 Qua
1004 3208 1111 3276 quidem
1130 3222 1191 3275 pars
1209 3205 1297 3258 homi-

172 3310 237 3347 uum
255 3312 309 3349 uou
327 3297 365 3349 sit
382 3297 521 3351 moderata
538 3302 659 3353 uetustas
677 3301 722 3353 M
722 3316 729 3360 ;
748 3297 835 3364 Quam
853 3294 962 3364 quidem
974 3296 1077 3362 partem
1090 3293 1116 3345 h.
1129 3310 1153 3346 n.
1168 3310 1187 3344 s.
1206 3290 1297 3346 mode·

171 3382 232 3433 rata
250 3382 379 3449 (moderat
390 3381 426 3449 R,
444 3400 537 3439 errore
553 3390 668 3456 tppopr,
686 3392 719 3440 rat
731 3384 853 3448 aidano)
871 3383 995 3435 uetustas
1008 3379 1049 3433 Ρ3
1064 3375 1241 3446 (paeones)
1253 3375 1296 3442 123

174 3465 260 3530 Quam
277 3467 386 3536 quaem
405 3474 509 3539 partem
527 3472 666 3526 homiuum
685 3489 737 3527 uon
751 3471 775 3524 si
786 3469 907 3524 moderat
919 3468 1048 3532 uetustas,
1067 3461 1229 3534 Httpeafetd

174 3552 208 3607 72
226 3552 270 3608 Sic
287 3556 340 3610 erit
356 3558 390 3609 ut
410 3572 493 3626 perna
511 3559 623 3626 minime,
641 3558 753 3613 calfacta
777 3557 916 3626 putrescat
941 3555 986 3607 M
1008 3555 1075 3616 (aon
1099 3547 1242 3618 puerescit,
1259 3549 1299 3602 'at

174 3638 212 3701 Ρ
234 3640 308 3708 falso
325 3639 481 3711 adnotat),
495 3644 539 3699 Sic
553 3647 613 3698 erit
636 3648 668 3699 ut
691 3660 772 3714 parua
797 3642 908 3696 minime
931 3639 1043 3693 calfacta
1066 3635 1116 3702 (sal
1139 3635 1212 3688 facta
1230 3633 1297 3700 Pb:

174 3716 309 3792 putrescet
327 3731 469 3801 (putrescit
485 3731 539 3796 Lo)
557 3732 594 3786 ΡΙ
602 3729 736 3792 P³co1a
762 3730 807 3784 Sic
830 3730 882 3782 orit
905 3729 937 3779 ut
960 3739 1041 3794 perna
1064 3722 1145 3775 nimis
1168 3718 1298 3782 salfaata3

173 3815 305 3882 petrasoit
326 3809 373 3870 1Ᾰά
476 3817 509 3871 73
536 3816 621 3871 Nenao
644 3819 746 3885 petram
770 3813 871 3868 subicit
894 3812 947 3864 nisi
971 3810 1044 3863 solus
1066 3808 1140 3875 iguis
1160 3807 1194 3858 ad
1211 3820 1300 3858 escam

176 3899 295 3965 (adescat
317 3901 374 3968 Lo)
396 3907 440 3958 M
442 3903 544 3964 P¹Ld3
570 3903 605 3959 N.
630 3919 655 3970 p.
671 3920 703 3968 s.,
725 3901 780 3954 uisi
798 3900 882 3954 solius
900 3898 980 3968 ignis,
999 3894 1034 3950 ad
1051 3909 1138 3947 escam
1157 3891 1247 3956 Lora
1265 3889 1301 3944 N·

175 4003 287 4056 pernam
314 4003 334 4041 s.
359 4005 386 4045 u.
411 3990 512 4044 solidus
538 3991 611 4058 iguis
634 3988 669 4041 ad
695 4002 782 4041 escam
808 3985 934 4054 Hitpeaf.
1038 3979 1072 4032 74
1090 3978 1175 4032 saxeis
1192 3979 1237 4033 M
1255 4035 1258 4040 ,

176 4075 298 4144 gehenne
313 4077 359 4131 M
421 4078 454 4130 75
474 4076 604 4145 processis
623 4073 747 4143 Hilpeaf.
817 4071 850 4123 77
869 4070 1009 4139 prebentes
1027 4069 1071 4120 M
1136 4065 1169 4118 77
1187 4063 1301 4119 missam

178 4179 207 4230 op
225 4164 307 4219 missa
325 4163 420 4228 ΜΡ,
438 4163 510 4216 iussa
528 4161 617 4217 P³Lb
686 4159 780 4226 (tuma)
798 4173 875 4221 unus,
893 4154 971 4209 audit
988 4154 1028 4207 Lo
