3016 4988
1233 403 1284 452 VH

200 572 345 639 Ceterum
360 568 577 636 Commodiani
601 569 803 653 profanarum
825 571 1002 638 litterarum
1025 573 1129 639 studia
1152 572 1285 654 nensis,

155 694 233 760 quos
256 674 515 753 memorauimus‚
550 672 755 756 scriptoribus
777 692 810 739 se
833 672 1061 740 continuerunt.
1107 674 1286 743 Ciceronem

156 797 294 864 quoque,
329 775 487 859 Ouidium,
512 775 689 856 Tibullum,
721 776 799 842 alios
826 775 986 842 interdum
1009 779 1132 844 uidetur
1159 780 1284 847 secutus

155 902 239 962 esse;
263 899 319 965 ego
335 899 407 946 uero
423 897 494 945 cum
510 878 543 944 et
557 880 706 962 temporis
722 878 876 962 angustiis
890 880 922 945 et
936 881 1052 946 uirium
1072 883 1286 949 mediocritate

155 984 317 1067 impediar,
341 982 413 1050 aliis
435 1001 502 1047 rem
525 982 699 1047 accuratius
722 983 917 1049 tractandam
940 983 1094 1067 relinquo;
1126 986 1179 1068 qui
1202 987 1285 1053 siin

155 1087 368 1154 Commodiani
391 1085 581 1152 carminibus
604 1103 696 1151 suum
719 1086 828 1168 cuique
851 1087 980 1153 reddere
996 1088 1199 1172 conabuntur,
1223 1109 1285 1157 non

155 1191 256 1257 multo
280 1191 441 1273 angustior
465 1190 508 1253 eis
531 1207 660 1271 campus
683 1189 805 1272 patebit
833 1208 926 1273 quam
954 1191 987 1255 in
1009 1191 1177 1257 Ammiano
1198 1195 1285 1260 Mar-

153 1294 281 1360 cellino.

418 1465 474 1534 Do
498 1463 691 1536 codicibus
714 1463 1019 1538 instructionum.

196 1600 415 1684 Baluuio1³)
438 1599 466 1664 si
489 1598 565 1665 fides
593 1600 735 1666 habenda
762 1603 822 1685 est,
856 1603 1019 1669 Iacobus
1054 1604 1492 1716 Sirmonduscssffilgffl·

152 1705 381 1790 apographum,
416 1721 475 1787 quo
509 1702 717 1789 Rigaltius
749 1710 858 1786 postea
891 1725 964 1772 usus
995 1711 1056 1788 est,
1094 1728 1131 1775 ex
1158 1713 1282 1775 uetusto
1474 1695 1482 1709 ’

153 1809 256 1875 codice
280 1809 495 1876 Andecauensi
517 1811 585 1892 ipse
608 1809 822 1891 descripserat.
859 1808 951 1875 Hunc
975 1810 1113 1876 codicem
1134 1831 1196 1877 non
1218 1814 1282 1879 iam

151 1929 329 1994 comparere
357 1914 548 1977 Ernestus
576 1910 749 1994 Ludwig,
780 1911 967 1976 nouissimae
990 1912 1135 1978 editionis
1164 1918 1280 1995 auctor,

153 2032 172 2078 a
192 2014 452 2098 Lamarcbandio,
486 2014 694 2080 bibliothecae
718 2013 950 2079 Andecauensis
972 2015 1135 2097 praefecto,
1164 2016 1281 2082 litteris

152 2118 268 2183 certior
289 2120 392 2184 factus
416 2123 473 2184 est.
508 2119 552 2183 Eo
574 2119 675 2197 magis
695 2117 957 2200 operaepretium
980 2122 1027 2183 ost
1051 2122 1192 2186 accurate
1215 2121 1281 2185 col-

151 2222 259 2306 ligere,
283 2223 310 2286 si
333 2222 407 2304 quid
429 2221 569 2286 homines
585 2222 691 2286 doctos
713 2221 786 2285 iude
801 2221 998 2303 exscripsisse
1020 2224 1074 2286 aut
1090 2223 1210 2287 certum
1226 2223 1282 2288 aut

152 2325 325 2390 uerisimile
353 2327 415 2404 est,
447 2323 632 2406 praesertim
655 2341 727 2389 curn
750 2323 848 2388 etiam
875 2323 1087 2406 apographum
1110 2324 1190 2390 illud
1214 2322 1281 2389 Sir·

151 2429 353 2494 mondianum
381 2427 420 2493 ad
446 2427 527 2493 hanc
550 2428 685 2492 aetatem
708 2445 770 2492 non
792 2426 935 2492 uideatur
957 2430 1144 2509 peruenisse.

194 2550 234 2613 Et
257 2549 376 2632 primus
399 2548 466 2629 ipse
490 2547 731 2627 Sirmondus‚
767 2551 801 2611 ut
832 2567 924 2630 supra
954 2549 1211 2632 memorauimuS,
1247 2549 1279 2614 in

151 2652 287 2717 editione
303 2651 448 2730 llnnodii,
472 2652 582 2717 deinde
606 2651 814 2717 Gilbertus
832 2652 1064 2717 Gaulminus
1088 2653 1119 2718 in
1143 2654 1279 2719 editione

150 2756 307 2820 Eustathii
329 2756 500 2838 particulas
523 2759 674 2837 quasdam
701 2755 944 2820 instructionum
974 2758 1167 2839 attulerunt,
1201 2775 1278 2839 quae

150 2863 204 2924 eut
228 2879 264 2923 ex
286 2859 353 2941 ipso
376 2859 431 2923 illo
461 2858 564 2923 codice
593 2861 718 2922 uetusto
741 2862 795 2921 aut
818 2877 853 2922 er
877 2860 1053 2943 apographo
1076 2878 1094 2923 a
1117 2859 1278 2925 Sirmondo

149 2964 267 3045 scripto
302 2963 448 3027 uidentur
465 2961 614 3025 duxisse.
660 2960 864 3044 Rigaltius
896 2963 1001 3027 autem
1036 2962 1277 3028 instructionum

149 3069 240 3129 uetus
265 3065 421 3146 exemplar
443 3064 564 3128 nullum
587 3083 619 3128 se
643 3063 769 3143 uidisse,
793 3065 848 3129 sed
872 3067 1046 3148 apographo
1069 3066 1193 3132 tantum
1211 3065 1278 3130 Sir·

149 3168 314 3233 mondiauo
342 3168 375 3231 iu
404 3168 538 3233 editione
567 3166 702 3231 curanda
731 3186 824 3231 usum
851 3186 915 3232 esse
942 3171 974 3233 in
996 3168 1188 3252 praefatione
1210 3170 1277 3253 ipse

149 3273 277 3336 fatetur.

191 3395 236 3458 At
258 3393 448 3457 Baluzius
471 3392 621 3456 lectiones
645 3410 681 3455 ex
703 3391 769 3474 ipso
794 3391 897 3456 codice
912 3392 1126 3458 Andecauensi
1148 3393 1275 3459 haustas

148 3497 348 3579 conpluribus
376 3513 503 3578 operum
531 3512 657 3559 suorum
686 3495 763 3559 locis
791 3514 853 3560 non
876 3496 922 3560 ita
943 3515 1058 3578 paucas
1081 3496 1192 3563 adfert.
1231 3498 1276 3562 Ea

148 3600 187 3664 de
208 3619 242 3663 re
264 3598 392 3664 uberius
422 3599 471 3682 egi
493 3598 526 3662 in
547 3599 670 3663 Blatter
694 3599 716 3663 f.
740 3601 770 3662 d.
793 3598 898 3682 bayor.
923 3598 1035 3684 Gymn.
1060 3601 1136 3665 XVI
1158 3620 1188 3683 p.
1212 3600 1273 3666 341

146 3720 214 3784 scu·
230 3700 277 3780 ¹⁴).

191 3823 408 3886 Patauinus
431 3839 551 3904 quoque
575 3818 792 3885 Commodiani
815 3822 922 3896 codex,
958 3839 1050 3902 quem
1073 3819 1274 3888 Montfaucon
1292 3826 1476 3930 ⁰353&ss

146 3925 180 3989 in
203 3924 279 3990 bibl.
297 3924 373 3990 bibl.
398 3929 472 3990 torn.
497 3926 512 3989 Ι
535 3923 613 4009 487ὲ
635 3923 680 3989 sic
702 3923 859 4007 designat:
888 3922 938 3988 ‘en
961 3925 1088 3989 Musaeo
1111 3926 1273 3990 Laurentii

148 4071 350 4080 ———-—-

190 4144 221 4211 ¹³)
240 4145 303 4198 Not.
322 4145 350 4197 in
368 4144 490 4198 Lactant.
509 4144 541 4198 de
559 4149 636 4200 mort.
656 4149 783 4214 persecut.
806 4163 828 4200 c.
854 4147 898 4212 113
926 4147 1003 4217 Cypr.
1031 4147 1070 4201 ed.
1098 4147 1183 4201 Paris.
1210 4165 1272 4203 ann.

146 4230 213 4284 1726
232 4247 257 4298 p.
274 4229 334 4283 453.
848 4295 849 4299 Ἰ

190 4315 219 4383 ¹⁸)
239 4314 279 4370 Ol.
299 4314 547 4385 Sitzungsberiohte
565 4315 641 4371 CVII
658 4334 682 4385 p.
703 4317 752 4372 733
770 4333 827 4386 sqq.
